<?xml version="1.0" encoding="UTF-8"?><collection xmlns="http://www.loc.gov/MARC21/slim"><record><leader>00320nam--2200121-i-4500</leader><controlfield tag="001">000016274</controlfield><controlfield tag="002">20161230</controlfield><controlfield tag="005">20161230201031</controlfield><controlfield tag="008">060222s1000------------r-----000-0-eng-d</controlfield><datafield ind1=" " ind2=" " tag="100"><subfield code="a">Tchao, You Hing</subfield></datafield><datafield ind1=" " ind2=" " tag="245"><subfield code="a">Double resonance dans differents champs direc teurs.these</subfield></datafield><datafield ind1=" " ind2=" " tag="260"><subfield code="a">Paris,Universite,1962. 32p</subfield></datafield><datafield ind1=" " ind2=" " tag="852"><subfield code="a">77975</subfield></datafield></record></collection>